<?xml version="1.0" encoding="UTF-8" ?>
<collection xmlns:xsi="http://www.w3.org/2001/XMLSchema-instance"
    xsi:schemaLocation="http://www.loc.gov/MARC21/slim
        http://www.loc.gov/standards/marcxml/schema/MARC21slim.xsd"
    xmlns="http://www.loc.gov/MARC21/slim">
<record>
  <leader>00252cam a2200481 i 4500</leader>
  <controlfield tag="001">b12543123</controlfield>
  <controlfield tag="003">LeBAU</controlfield>
  <controlfield tag="005">20140626</controlfield>
  <controlfield tag="008">970729s1949    sy c          ||0 0 ara d</controlfield>
  <datafield tag="035" ind1=" " ind2=" ">
    <subfield code="a">ocn784398300</subfield>
  </datafield>
  <datafield tag="040" ind1=" " ind2=" ">
    <subfield code="a">LEAUB</subfield>
    <subfield code="b">ara</subfield>
    <subfield code="e">rda</subfield>
    <subfield code="c">LEAUB</subfield>
    <subfield code="d">LEAUB</subfield>
  </datafield>
  <datafield tag="082" ind1="0" ind2="4">
    <subfield code="a">892.78</subfield>
    <subfield code="2">22</subfield>
  </datafield>
  <datafield tag="100" ind1="1" ind2=" ">
    <subfield code="6">880-01</subfield>
    <subfield code="a">Fayṣal, Muḥammad Rūḥī,</subfield>
    <subfield code="d">1912-1969,</subfield>
    <subfield code="e">author.</subfield>
  </datafield>
  <datafield tag="245" ind1="1" ind2="0">
    <subfield code="6">880-02</subfield>
    <subfield code="a">Taḥta al-mibḍaʻ :</subfield>
    <subfield code="b">ʻUmar Abū Rīshah, Badawī al-Jabal, Shafīq Jabrī, Muḥammad al-Bazm, Mahdī al-Jawāhirī /</subfield>
    <subfield code="c">bi-qalam Muḥammad Rūḥī Fayṣal, raʼīs qalam al-maṭbūʻāt fī Ḥimṣ, ṣāḥib kitāb "Min al-naqd al-Faransī" ; qaddama la-hu al-Ustādh Qadrī al-ʻUmar, mudīr Maʻārif Ḥimṣ, ṣāḥib kitāb "Min al-adab".</subfield>
  </datafield>
  <datafield tag="264" ind1=" " ind2="1">
    <subfield code="6">880-03</subfield>
    <subfield code="a">Ḥimṣ :</subfield>
    <subfield code="b">Dār al-Ḥikmah,</subfield>
    <subfield code="c">1949.</subfield>
  </datafield>
  <datafield tag="300" ind1=" " ind2=" ">
    <subfield code="6">880-04</subfield>
    <subfield code="a">84 pages :</subfield>
    <subfield code="b">illustrations, portraits ;</subfield>
    <subfield code="c">24 cm</subfield>
  </datafield>
  <datafield tag="336" ind1=" " ind2=" ">
    <subfield code="a">text</subfield>
    <subfield code="b">txt</subfield>
    <subfield code="2">rdacontent</subfield>
  </datafield>
  <datafield tag="336" ind1=" " ind2=" ">
    <subfield code="a">still image</subfield>
    <subfield code="b">sti</subfield>
    <subfield code="2">rdacontent</subfield>
  </datafield>
  <datafield tag="337" ind1=" " ind2=" ">
    <subfield code="a">unmediated</subfield>
    <subfield code="b">n</subfield>
    <subfield code="2">rdamedia</subfield>
  </datafield>
  <datafield tag="338" ind1=" " ind2=" ">
    <subfield code="a">volume</subfield>
    <subfield code="b">nc</subfield>
    <subfield code="2">rdacarrier</subfield>
  </datafield>
  <datafield tag="600" ind1="1" ind2="4">
    <subfield code="a">أبو ريشة، عمر</subfield>
    <subfield code="x">نقد وتأويل.</subfield>
  </datafield>
  <datafield tag="600" ind1="1" ind2="4">
    <subfield code="a">الجبل، بدوي</subfield>
    <subfield code="x">نقد وتأويل.</subfield>
  </datafield>
  <datafield tag="600" ind1="1" ind2="4">
    <subfield code="a">جبري، شفيق</subfield>
    <subfield code="x">نقد وتأويل.</subfield>
  </datafield>
  <datafield tag="600" ind1="1" ind2="4">
    <subfield code="a">البزم، محمد،</subfield>
    <subfield code="d">1884-1955</subfield>
    <subfield code="x">نقد وتأويل.</subfield>
  </datafield>
  <datafield tag="600" ind1="1" ind2="4">
    <subfield code="a">الجواهري، محمد مهدي،</subfield>
    <subfield code="d">1903-1997</subfield>
    <subfield code="x">نقد وتأويل.</subfield>
  </datafield>
  <datafield tag="600" ind1="1" ind2="0">
    <subfield code="a">Abū Rīshah, ʻUmar</subfield>
    <subfield code="x">Criticism and interpretation.</subfield>
  </datafield>
  <datafield tag="600" ind1="1" ind2="0">
    <subfield code="a">Jabal, Badawī</subfield>
    <subfield code="x">Criticism and interpretation.</subfield>
  </datafield>
  <datafield tag="600" ind1="1" ind2="0">
    <subfield code="a">Jabrī, Shafīq</subfield>
    <subfield code="x">Criticism and interpretation.</subfield>
  </datafield>
  <datafield tag="600" ind1="1" ind2="0">
    <subfield code="a">Bazm, Muḥammad,</subfield>
    <subfield code="d">1884-1955</subfield>
    <subfield code="x">Criticism and interpretation.</subfield>
  </datafield>
  <datafield tag="600" ind1="1" ind2="0">
    <subfield code="a">Jawāhirī, Muḥammad Mahdī,</subfield>
    <subfield code="d">1899?-1997</subfield>
    <subfield code="x">Criticism and interpretation. </subfield>
  </datafield>
  <datafield tag="650" ind1=" " ind2="4">
    <subfield code="a">الشعر العربي</subfield>
    <subfield code="y">القرن العشرون</subfield>
    <subfield code="x">تاريخ ونقد.</subfield>
  </datafield>
  <datafield tag="650" ind1=" " ind2="0">
    <subfield code="a">Arabic poetry</subfield>
    <subfield code="y">20th century</subfield>
    <subfield code="x">History and criticism.</subfield>
  </datafield>
  <datafield tag="700" ind1="1" ind2=" ">
    <subfield code="6">880-05</subfield>
    <subfield code="a">ʻUmar, Qadrī,</subfield>
    <subfield code="d">1899-1962,</subfield>
    <subfield code="e">author of introduction.</subfield>
  </datafield>
  <datafield tag="852" ind1=" " ind2=" ">
    <subfield code="a">Jafet Library</subfield>
    <subfield code="e">American University of Beirut, Bliss Street , Beirut, Lebanon.</subfield>
  </datafield>
  <datafield tag="880" ind1="1" ind2=" ">
    <subfield code="6">100-01/(3/r</subfield>
    <subfield code="a">فيصل، محمد روحي،</subfield>
    <subfield code="d">1912-1969،</subfield>
    <subfield code="e">مؤلف. </subfield>
    <subfield code="4">aut.</subfield>
  </datafield>
  <datafield tag="880" ind1="1" ind2="0">
    <subfield code="6">245-02/(3/r</subfield>
    <subfield code="a">تحت المبضع :</subfield>
    <subfield code="b">عمر أبو ريشة، بدوي الجبل، شفيق جبري، محمد البزم، مهدي الجواهري /</subfield>
    <subfield code="c">بقلم محمد روحي فيصل، رئيس قلم المطبوعات في حمص، صاحب كتاب "من النقد الفرنسي" ؛ قدم له الأستاذ قدري العمر، مدير معارف حمص، صاحب كتاب "من الأدب".</subfield>
  </datafield>
  <datafield tag="880" ind1=" " ind2="1">
    <subfield code="6">264-03/(3/r</subfield>
    <subfield code="a">حمص :</subfield>
    <subfield code="b">دار الحكمة،</subfield>
    <subfield code="c">1949.</subfield>
  </datafield>
  <datafield tag="880" ind1=" " ind2=" ">
    <subfield code="6">300-04/(3/r</subfield>
    <subfield code="a">84 صفحة :</subfield>
    <subfield code="b">مصورات، صور شخصانية ؛</subfield>
    <subfield code="c">24 سم</subfield>
  </datafield>
  <datafield tag="880" ind1="1" ind2=" ">
    <subfield code="6">700-05/(3/r</subfield>
    <subfield code="a">العمر، قدري،</subfield>
    <subfield code="d">1899-1962،</subfield>
    <subfield code="e">مؤلف مقدمة. </subfield>
    <subfield code="4">aui.</subfield>
  </datafield>
  <datafield tag="907" ind1=" " ind2=" ">
    <subfield code="a">.b12543123</subfield>
    <subfield code="b">19-01-14</subfield>
    <subfield code="c">11-05-24</subfield>
  </datafield>
  <datafield tag="907" ind1=" " ind2=" ">
    <subfield code="a">.b12543123</subfield>
    <subfield code="b">15-10-15</subfield>
    <subfield code="c">11-05-24</subfield>
  </datafield>
  <datafield tag="945" ind1=" " ind2=" ">
    <subfield code="f">J</subfield>
    <subfield code="a">892.78:F282tA:c.1</subfield>
    <subfield code="i">01034700</subfield>
    <subfield code="j">.i13048235</subfield>
    <subfield code="l">u0503</subfield>
  </datafield>
  <datafield tag="998" ind1=" " ind2=" ">
    <subfield code="a">u05</subfield>
    <subfield code="b">97-07-29</subfield>
    <subfield code="c">m</subfield>
    <subfield code="d">a  </subfield>
    <subfield code="e">-</subfield>
    <subfield code="f">ara</subfield>
    <subfield code="g">sy </subfield>
    <subfield code="h">0</subfield>
    <subfield code="i">1</subfield>
  </datafield>
</record>
</collection>
